<record><leader>00000cas a2200000 a 4500</leader><controlfield tag="001">19933278</controlfield><controlfield tag="008">890627d19561960kyuwr ne      0    0eng d</controlfield><datafield ind1=" " ind2=" " tag="010"><subfield code="a">sn 89058432 </subfield></datafield><datafield ind1=" " ind2=" " tag="040"><subfield code="a">KNP</subfield><subfield code="b">eng</subfield><subfield code="c">KNP</subfield><subfield code="d">OCL</subfield><subfield code="d">OCLCQ</subfield><subfield code="d">KYUBL</subfield><subfield code="d">OCLCQ</subfield><subfield code="d">OCLCF</subfield><subfield code="d">OCLCO</subfield></datafield><datafield ind1=" " ind2=" " tag="042"><subfield code="a">msc</subfield></datafield><datafield ind1=" " ind2=" " tag="043"><subfield code="a">n-us-ky</subfield></datafield><datafield ind1="0" ind2="4" tag="245"><subfield code="a">The Mountain messenger and the Hindman news.</subfield></datafield><datafield ind1="1" ind2="3" tag="246"><subfield code="a">Mountain messenger</subfield></datafield><datafield ind1=" " ind2=" " tag="260"><subfield code="a">Hazard, Perry County, Ky. :</subfield><subfield code="b">W.P. Nolan,</subfield><subfield code="c">1956-1960.</subfield></datafield><datafield ind1=" " ind2=" " tag="300"><subfield code="a">v. :</subfield><subfield code="b">ill.</subfield></datafield><datafield ind1=" " ind2=" " tag="310"><subfield code="a">Weekly</subfield></datafield><datafield ind1="0" ind2=" " tag="362"><subfield code="a">Vol. 22, no. 36 (June 1, 1956)-v. 21, no. 28 (Aug. 24, 1960).</subfield></datafield><datafield ind1=" " ind2=" " tag="515"><subfield code="a">Continues the volume numbering of: Mountain messenger (Hazard, Ky. : 1955).</subfield></datafield><datafield ind1=" " ind2="0" tag="651"><subfield code="a">Hazard (Ky.)</subfield><subfield code="v">Newspapers.</subfield></datafield><datafield ind1=" " ind2="0" tag="651"><subfield code="a">Perry County (Ky.)</subfield><subfield code="v">Newspapers.</subfield></datafield><datafield ind1=" " ind2="7" tag="655"><subfield code="a">Newspapers.</subfield><subfield code="2">fast</subfield><subfield code="0">(OCoLC)fst01423814</subfield></datafield><datafield ind1=" " ind2="7" tag="651"><subfield code="a">Kentucky</subfield><subfield code="z">Hazard.</subfield><subfield code="2">fast</subfield><subfield code="0">(OCoLC)fst01218108</subfield></datafield><datafield ind1=" " ind2="7" tag="651"><subfield code="a">Kentucky</subfield><subfield code="z">Perry County.</subfield><subfield code="2">fast</subfield><subfield code="0">(OCoLC)fst01219906</subfield></datafield><datafield ind1=" " ind2=" " tag="752"><subfield code="a">United States</subfield><subfield code="b">Kentucky</subfield><subfield code="c">Perry</subfield><subfield code="d">Hazard.</subfield></datafield><datafield ind1="0" ind2="0" tag="785"><subfield code="t">Mountain messenger (Hazard, Ky. : 1960)</subfield><subfield code="w">(DLC)sn 89058433</subfield></datafield></record>